@article{article2,
  title={Detecting and Measuring Similarity in Code Clones},
  author={Randy, Smith},
  journal={},
  volume={73},
  number={288},
  pages={3--37},
  year={2009},
  publisher={Department of Computer Sciences, University of Wisconsin Madison}
}

@article{Novak2019,
author = {Novak, Matija and Joy, Mike and Kermek, Dragutin},
title = {Source-Code Similarity Detection and Detection Tools Used in Academi: A Systematic Review},
year = {2019},
issue_date = {June 2019},
publisher = {Association for Computing Machinery},
address = {New York, NY, USA},
volume = {19},
number = {3},
url = {http://doi.org/10.1145/3313290},
doi = {10.1145/3313290},
journal = {ACM Trans. Comput. Educ.},
month = {may},
articleno = {27},
numpages = {37},
keywords = {similarity, education, detection, programming, systematic review, academia, Source-code, plagiarism}
}

@article{Cheers2021,
author = {Cheers, Hayden and Lin, Yuqing and Smith, Shamus},
year = {2021},
month = {02},
pages = {},
title = {Academic Source Code Plagiarism Detection by Measuring Program Behavioural Similarity}
}

@article{Banchoff2007,
author = {Díaz, Javier and Banchoff, Lic and Rodríguez, Lic},
year = {2007},
month = {01},
pages = {},
title = {"Herramientas para la detección de plagio de software. Un caso de estudio en trabajos de cátedra"}
}

@book{Pachon2019,
  title={Generaci{\'o}n de un algoritmo para el an{\'a}lisis de similitudes de c{\'o}digo fuente en lenguajes Java y Python},
  author={Pach{\'o}n, H.J.C.},
  url={http://books.google.com.bo/books?id=dlaszQEACAAJ},
  year={2019},
  publisher={Uniandes}
}

@article{Hage2010,
  title={A comparison of plagiarism detection tools},
  author={Hage, Jurriaan and Rademaker, Peter and Van Vugt, Nik{\`e}},
  journal={Utrecht University. Utrecht, The Netherlands},
  volume={28},
  number={1},
  year={2010},
  publisher={Citeseer}
}

@unknown{wiki:Plagiarism,
   author = "Wikipedia",
   title = "{Plagiarism} --- {W}ikipedia{,} The Free Encyclopedia",
   year = "2021",
   howpublished = {\url{htt://en.wikiipedia.org/w/index.php?title=Plagiarism&oldid=1058139870}},
   note = "[Online; accessed 02-December-2021]"
 }

 @unknown{wiki:Source_Code,
   author = "Wikipedia",
   title = "{Source Code} --- {W}ikipedia{,} The Free Encyclopedia",
   year = "2021",
   howpublished = {\url{htt://en.wikiipedia.org/w/index.php?title=Source\%20Code&oldid=1057866572}},
   note = "[Online; accessed 02-December-2021]"
 }

 @unknown{wiki:Obfuscation_(software),
   author = "Wikipedia",
   title = "{Obfuscation (software)} --- {W}ikipedia{,} The Free Encyclopedia",
   year = "2021",
   howpublished = {\url{htt://en.wikiipedia.org/w/index.php?title=Obfuscation\%20(software)&oldid=1056756228}},
   note = "[Online; accessed 02-December-2021]"
 }
@unknown{wiki:Control-flow_graph,
   author = "Wikipedia",
   title = "{Control-flow graph} --- {W}ikipedia{,} The Free Encyclopedia",
   year = "2021",
   howpublished = {\url{htt://en.wikiipedia.org/w/index.php?title=Control-flow\%20graph&oldid=1050421841}},
   note = "[Online; accessed 02-December-2021]"
 }

@article{article3,
author = {Marzieh, Ahmadzadeh and Mahmoudabadi, Elham and Khodadadi, Farzad},
year = {2011},
month = {01},
pages = {},
title = {Pattern of Plagiarism in Novice Students Generated Program: An Experimental Approach},
volume = {10},
journal = {The Journal of Information Technology Education},
doi = {10.28945/1509}
}

@article{donaldson1981plagiarism,
  title={A plagiarism detection system},
  author={Donaldson, John L and Lancaster, Ann-Marie and Sposato, Paula H},
  booktitle={Proceedings of the twelfth SIGCSE technical symposium on Computer science education},
  pages={21--25},
  year={1981}
}

@article{ChangeDistiller,
author = {Würsch, Michael and Gall, Harald and Fluri, Beat and Kiefer, Christoph},
year = {2022},
month = {02},
pages = {},
title = {Improving ChangeDistiller Improving Abstract Syntax Tree based Source Code Change Detection}
}

@book{Aho2008,
author = {Aho, Alfred},
title = {Compiladores: principios, tecnicas y herramientas},
publisher = {Pearson Educacion},
year = {2008},
address = {Mexico},
isbn = {978-970-26-1133-2}
}

@book{catalan2010compiladores,
author = {Catalán, Jacinto},
title = {Compiladores : teoría e implementación},
publisher = {RC Libros},
year = {2010},
address = {San Fernando de Henares, Madrid},
isbn = {978-84-937008-9-8}
}

@book{Halim2019,
title = "Programacion competitiva",
author = "Halim, Felix and Halim, Steven",
publisher = "Independently Published",
month =  {dec},
year =  {2019},
language  = "es"
}

@book{Cormen2009,
title = "Introduction to Algorithms",
author = "Cormen, Thomas H and Leiserson, Charles E and Rivest, Ronald L and Stein, Clifford",
publisher = "MIT Press",
series = "The MIT Press",
month =  {jul},
year =  {2009},
address = "London, England"
}

@book{Aho1999,
title = "Estructuras de datos y algoritmos",
author = "Aho, Alfred V",
publisher = "Addison Wesley Longman",
month = {apr},
year = {1999},
address = "Singapore, Singapore",
language = "en"
}


@article{Zoran2012,
    author = {Đurić, Zoran and Gašević, Dragan},
    title = "{A Source Code Similarity System for Plagiarism Detection}",
    journal = {The Computer Journal},
    volume = {56},
    number = {1},
    pages = {70-86},
    year = {2012},
    month = {03},
    issn = {0010-4620},
    doi = {10.1093/comjnl/bxs018},
    url = {https://doi.org/10.1093/comjnl/bxs018},
    eprint = {https://academic.oup.com/comjnl/article-pdf/56/1/70/1419281/bxs018.pdf},
}

@article{10.1145/953049.800954,
author = {Grier, Sam},
title = {A Tool That Detects Plagiarism in Pascal Programs},
year = {1981},
issue_date = {February 1981},
publisher = {Association for Computing Machinery},
address = {New York, NY, USA},
volume = {13},
number = {1},
issn = {0097-8418},
url = {https://doi.org/10.1145/953049.800954},
doi = {10.1145/953049.800954},
journal = {SIGCSE Bull.},
month = {feb},
pages = {15–20},
numpages = {6}
}

@inproceedings{Grier1981,
author = {Grier, Sam},
title = {A Tool That Detects Plagiarism in Pascal Programs},
year = {1981},
isbn = {0897910362},
publisher = {Association for Computing Machinery},
address = {New York, NY, USA},
url = {https://doi.org/10.1145/800037.800954},
doi = {10.1145/800037.800954},
booktitle = {Proceedings of the Twelfth SIGCSE Technical Symposium on Computer Science Education},
pages = {15–20},
numpages = {6},
location = {St. Louis, Missouri, USA},
series = {SIGCSE '81}
}

@article{WHALE1990131,
title = {Software metrics and plagiarism detection},
journal = {Journal of Systems and Software},
volume = {13},
number = {2},
pages = {131-138},
year = {1990},
note = {Special Issue on Using Software Metrics},
issn = {0164-1212},
doi = {https://doi.org/10.1016/0164-1212(90)90118-6},
url = {https://www.sciencedirect.com/science/article/pii/0164121290901186},
author = {Geoff Whale},
}

@article{Dulucq2003,
author = {Dulucq, Serge and Touzet, Hélène},
year = {2003},
month = {06},
pages = {83-95},
title = {Analysis of Tree Edit Distance Algorithms},
isbn = {978-3-540-40311-1},
doi = {10.1007/3-540-44888-8_7}
}

@article{Schwarz2017,
  doi = {10.1007/978-3-319-68474-1_11},
  url = {https://doi.org/10.1007/978-3-319-68474-1_11},
  year = {2017},
  publisher = {Springer International Publishing},
  pages = {156--170},
  author = {Stefan Schwarz and Mateusz Pawlik and Nikolaus Augsten},
  title = {A New Perspective on the Tree Edit Distance},
  booktitle = {Similarity Search and Applications}
}

@article{Chen2001,
author = {Chen, Weimin},
year = {2001},
month = {08},
pages = {135-158},
title = {New Algorithm for Ordered Tree-to-Tree Correction Problem},
volume = {40},
journal = {Journal of Algorithms},
doi = {10.1006/jagm.2001.1170}
}

@article{Zhang1989,
author = {Zhang, Kaizhong and Shasha, Dennis},
year = {1989},
month = {12},
pages = {1245-1262},
title = {Simple Fast Algorithms for the Editing Distance Between Trees and Related Problems},
volume = {18},
journal = {SIAM J. Comput.},
doi = {10.1137/0218082}
}

@article{Benjamin2018,
  doi = {10.48550/ARXIV.1805.06869},
  url = {https://arxiv.org/abs/1805.06869},
  author = {Paaßen, Benjamin},
  keywords = {Data Structures and Algorithms (cs.DS), FOS: Computer and information sciences, FOS: Computer and information sciences},
  title = {Revisiting the tree edit distance and its backtracing: A tutorial},
  publisher = {arXiv},
  year = {2018},
  copyright = {Creative Commons Attribution Share Alike 4.0 International}
}

@article{Ahtiainen2006,
author = {Ahtiainen, Aleksi and Surakka, Sami and Rahikainen, Mikko},
year = {2006},
month = {02},
pages = {},
title = {Plaggie: GNU-licensed source code plagiarism detection engine for Java exercises},
volume = {276},
journal = {ACM International Conference Proceeding Series},
doi = {10.1145/1315803.1315831}
}

@article{Ragkhitwetsagul2018,
author = {Ragkhitwetsagul, Chaiyong and Krinke, Jens and Clark, David},
title = {A Comparison of Code Similarity Analysers},
year = {2018},
issue_date = {August 2018},
publisher = {Kluwer Academic Publishers},
address = {USA},
volume = {23},
number = {4},
issn = {1382-3256},
url = {https://doi.org/10.1007/s10664-017-9564-7},
doi = {10.1007/s10664-017-9564-7},
journal = {Empirical Softw. Engg.},
month = {aug},
pages = {2464–2519},
numpages = {56},
keywords = {Empirical study, Clone detection, Plagiarism detection, Code similarity measurement, Parameter optimisation}
}

@article{Collberg1997,
author = {Collberg, Christian and Thomborson, Clark and Low, Douglas},
year = {1997},
month = {01},
pages = {},
title = {A Taxonomy of Obfuscating Transformations},
journal = {http://www.cs.auckland.ac.nz/staff-cgi-bin/mjd/csTRcgi.pl?serial}
}

@article{Karnalim2019,
author = {Karnalim, Oscar and Simon, Chivers, William},
year = {2019},
month = {12},
pages = {},
title = {Similarity Detection Techniques for Academic Source Code Plagiarism and Collusion: A Review},
doi = {10.1109/TALE48000.2019.9225953}
}

@article{Ottenstein1976,
author = {Ottenstein, K. J.},
title = {An Algorithmic Approach to the Detection and Prevention of Plagiarism},
year = {1976},
issue_date = {Dec. 1976},
publisher = {Association for Computing Machinery},
address = {New York, NY, USA},
volume = {8},
number = {4},
issn = {0097-8418},
url = {https://doi.org/10.1145/382222.382462},
doi = {10.1145/382222.382462},
journal = {SIGCSE Bull.},
month = {dec},
pages = {30–41},
numpages = {12}
}

@article{Cosma2012,
author = {Cosma, Georgina and Joy, Mike},
year = {2012},
month = {03},
pages = {379-394},
title = {An Approach to Source-Code Plagiarism Detection and Investigation Using Latent Semantic Analysis},
volume = {61},
journal = {IEEE Trans. Computers},
doi = {10.1109/TC.2011.223}
}

@article{Moussiades2005,
author = {Moussiades, Lefteris and Vakali, Athena},
year = {2005},
month = {06},
pages = {},
title = {PDetect: A Clustering Approach for Detecting Plagiarism in Source Code Datasets},
volume = {48},
journal = {The Computer Journal},
doi = {10.1093/comjnl/bxh119}
}

@article{Yasaswi2017,
author={Yasaswi, Jitendra and Purini, Suresh and Jawahar, C.V.},
booktitle={2017 4th IAPR Asian Conference on Pattern Recognition (ACPR)},   title={Plagiarism Detection in Programming Assignments Using Deep Features},   year={2017},
volume={},
number={},
pages={652-657},
doi={10.1109/ACPR.2017.146}
}

@article{Sidorov2017,
author = {Sidorov, Grigori and Romero, M and Markov, Ilia and Guzman-Cabrera, Rafael and Chanona-Hernández, L and Castillo, Francisco},
year = {2017},
month = {01},
pages = {47-50},
title = {Measuring Similarity Between Karel Programs Using Character and Word N-Grams},
volume = {43},
journal = {Programming and Computer Software},
doi = {10.1134/S0361768817010066}
}

@article{Wise1992,
author = {Wise, Michael},
year = {1992},
month = {03},
pages = {268-271},
title = {Detection of similarities in student programs: YAP'ing may be preferable to Plague'ing},
volume = {24},
isbn = {0-89791-468-6},
journal = {ACM SIGCSE Bulletin},
doi = {10.1145/135250.134564}
}

@article{Song2015,
author = {Song, Hyun-Je and Park, Seong-Bae and Park, Se},
year = {2015},
month = {04},
pages = {1-12},
title = {Computation of Program Source Code Similarity by Composition of Parse Tree and Call Graph},
volume = {2015},
journal = {Mathematical Problems in Engineering},
doi = {10.1155/2015/429807}
}

@article{Prechelt2003,
author = {Prechelt, Lutz and Malpohl, Guido},
year = {2003},
month = {03},
pages = {},
title = {Finding Plagiarisms among a Set of Programs with JPlag},
volume = {8},
journal = {Journal of Universal Computer Science}
}

@article{Anzai2019,
author = {Anzai, Kazuki and Watanobe, Yutaka},
year = {2019},
month = {10},
pages = {180-186},
title = {Algorithm to Determine Extended Edit Distance between Program Codes},
doi = {10.1109/MCSoC.2019.00033}
}

@book{Popescu2016,
author = {Popescu, Doru and Nicolae, Dragoș},
year = {2016},
month = {01},
pages = {681-690},
title = {Determining the Similarity of Two Web Applications Using the Edit Distance},
volume = {356},
isbn = {978-3-319-18295-7},
doi = {10.1007/978-3-319-18296-4_53}
}

@book{Rossum2018,
author = {Rossum, Guido van and Python Development Team},
title = {Python Tutorial: Release 3.6.4},
year = {2018},
isbn = {1680921606},
}

@article{Faidhi1987,
title = {An empirical approach for detecting program similarity and plagiarism within a university programming environment},
year = {1987},
doi = {https://doi.org/10.1016/0360-1315(87)90042-X},
url = {https://www.sciencedirect.com/science/article/pii/036013158790042X},
author = {J.A.W. Faidhi and S.K. Robinson},
}

@book{Costa2020,
title={Diseño y Desarrollo de un fragmentador de Programas Para Java basado en el system dependence graph},
url={http://hdl.handle.net/10251/151760},
journal={Handle Proxy},
publisher={Universitat Politècnica de València},
author={Costa Rosa, Javier},
year={2020},
month={Sep}
}

@article{Bejarano2015,
author = {Bejarano, Andres and García, Lucy and Zurek, Eduardo},
year = {2015},
month = {01},
pages = {},
title = {Detection of Source Code Similitude in Academic Environments},
journal = {Computer Applications in Engineering Education},
doi = {10.1002/cae.21571}
}

@article{Schleimer2003,
author = {Schleimer, Saul and Wilkerson, Daniel and Aiken, Alex},
year = {2003},
month = {04},
pages = {},
title = {Winnowing: Local Algorithms for Document Fingerprinting},
volume = {10},
journal = {Proceedings of the ACM SIGMOD International Conference on Management of Data},
doi = {10.1145/872757.872770}
}

@book{magurran1988,
  title={A variety of diversities},
  author={Magurran, Anne E},
  booktitle={Ecological diversity and its measurement},
  pages={81--99},
  year={1988},
  publisher={Springer}
}

@unknown{brandl2022,
author = "{Brandl, Georg and Chajdas, Matthaus}",
title = "Pygments: Python syntax highlighter",
year = "2022",
howpublished = {https://pygments.org},
journal={Pygments},
note = "[Online; accessed 27-May-2022]"
}

@article{Navarro2001,
title={A guided tour to approximate string matching},
author={Gonzalo Navarro},
journal={ACM Comput. Surv.},
year={2001},
volume={33},
pages={31-88}
}
